@article{Zalinescu,
  author    = {Eugen Zalinescu},
  title     = {Shorter strings containing all k-element permutations},
  journal   = {Inf. Process. Lett.},
  volume    = {111},
  number    = {12},
  pages     = {605--608},
  year      = {2011},
  url       = {http://dx.doi.org/10.1016/j.ipl.2011.03.018},
  doi       = {10.1016/j.ipl.2011.03.018},
  timestamp = {Tue, 19 Apr 2011 18:18:48 +0200},
  biburl    = {http://dblp.uni-trier.de/rec/bib/journals/ipl/Zalinescu11},
  bibsource = {dblp computer science bibliography, http://dblp.org}
}

@article{Newey,
  author    = {M. C. Newey},
  title     = {Notes on a problem involving permutations as subsequences},
  year      = {1973},
  url       = {infolab.stanford.edu/pub/cstr/reports/cs/tr/73/340/CS-TR-73-340.pdf}
}

@article{Radomirovic,
  author    = {Sasa Radomirovic},
  title     = {A Construction of Short Sequences Containing All Permutations of a
               Set as Subsequences},
  journal   = {Electr. J. Comb.},
  volume    = {19},
  number    = {4},
  pages     = {P31},
  year      = {2012},
  url       = {http://www.combinatorics.org/ojs/index.php/eljc/article/view/v19i4p31},
  timestamp = {Wed, 12 Jun 2013 17:27:24 +0200},
  biburl    = {http://dblp.uni-trier.de/rec/bib/journals/combinatorics/Radomirovic12},
  bibsource = {dblp computer science bibliography, http://dblp.org}
}

@inproceedings{Original,
  author    = {Barbara Kordy and
                Saša Radomirović},
  editor    = {Stephen Chong},
  title     = {Constructing Optimistic Multi-party Contract Signing Protocols},
  booktitle = {25th {IEEE} Computer Security Foundations Symposium, {CSF} 2012, Cambridge,
               MA, USA, June 25-27, 2012},
  pages     = {215--229},
  publisher = {{IEEE}},
  year      = {2012},
  url       = {http://doi.ieeecomputersociety.org/10.1109/CSF.2012.23},
  doi       = {10.1109/CSF.2012.23},
  timestamp = {Thu, 30 Aug 2012 21:23:30 +0200},
  biburl    = {http://dblp.uni-trier.de/rec/bib/conf/csfw/KordyR12},
  bibsource = {dblp computer science bibliography, http://dblp.org}
}

@article{Diffie-Hellman,
  author    = {Whitfield Diffie and
                         Martin E. Hellman},
  title     = {New directions in cryptography},
  journal   = {{IEEE} Transactions on Information Theory},
  volume    = {22},
  number    = {6},
  pages     = {644--654},
  year      = {1976},
  url       = {http://doi.ieeecomputersociety.org/10.1109/TIT.1976.1055638},
  doi       = {10.1109/TIT.1976.1055638},
  timestamp = {Wed, 19 Oct 2011 19:40:06 +0200},
  biburl    = {http://dblp.uni-trier.de/rec/bib/journals/tit/DiffieH76},
  bibsource = {dblp computer science bibliography, http://dblp.org}
}

@article{RSA,
  author    = {Ronald L. Rivest and
                Adi Shamir and
                 Leonard M. Adleman},
  title     = {A Method for Obtaining Digital Signatures and Public-Key Cryptosystems},
  journal   = {Commun. {ACM}},
  volume    = {21},
  number    = {2},
  pages     = {120--126},
  year      = {1978},
  url       = {http://doi.acm.org/10.1145/359340.359342},
  doi       = {10.1145/359340.359342},
  timestamp = {Tue, 07 Jun 2011 16:51:11 +0200},
  biburl    = {http://dblp.uni-trier.de/rec/bib/journals/cacm/RivestSA78},
  bibsource = {dblp computer science bibliography, http://dblp.org}
}

@article{Elgamal,
  author    = {Taher El Gamal},
  title     = {A public key cryptosystem and a signature scheme based on discrete logarithms},
  journal   = {{IEEE} Transactions on Information Theory},
  volume    = {31},
  number    = {4},
  pages     = {469--472},
  year      = {1985},
  url       = {http://dx.doi.org/10.1109/TIT.1985.1057074},
  doi       = {10.1109/TIT.1985.1057074},
  timestamp = {Mon, 31 Oct 2011 17:05:15 +0100},
  biburl    = {http://dblp.uni-trier.de/rec/bib/journals/tit/Elgamal85},
  bibsource = {dblp computer science bibliography, http://dblp.org}
}


@inproceedings{DAG-MPCS,
  author    = {Sjouke Mauw and
                Sasa Radomirovic},
  editor    = {Riccardo Focardi and
                Andrew C. Myers},
  title     = {Generalizing Multi-party Contract Signing},
  booktitle = {Principles of Security and Trust - 4th International Conference, {POST} 2015, Held as Part of the European Joint Conferences on Theory and Practice of Software, {ETAPS} 2015, London, UK, April 11-18, 2015, Proceedings},
  series    = {Lecture Notes in Computer Science},
  volume    = {9036},
  pages     = {156--175},
  publisher = {Springer},
  year      = {2015},
  url       = {http://dx.doi.org/10.1007/978-3-662-46666-7_9},
  doi       = {10.1007/978-3-662-46666-7_9},
  timestamp = {Wed, 08 Apr 2015 11:28:50 +0200},
  biburl    = {http://dblp.uni-trier.de/rec/bib/conf/post/MauwR15},
  bibsource = {dblp computer science bibliography, http://dblp.org}
}

@inproceedings{DBLP:conf/saint/GauthierDickeyG08,
  author    = {Chris GauthierDickey and
               Christian Grothoff},
  title     = {Bootstrapping of Peer-to-Peer Networks},
  booktitle = {Proceedings of the 2008 International Symposium on Applications and
               the Internet, {SAINT} 2008, 28 July - 1 August 2008, Turku, Finland},
  pages     = {205--208},
  publisher = {{IEEE} Computer Society},
  year      = {2008},
  url       = {http://doi.ieeecomputersociety.org/10.1109/SAINT.2008.15},
  doi       = {10.1109/SAINT.2008.15},
  timestamp = {Wed, 20 Aug 2008 11:01:15 +0200},
  biburl    = {http://dblp.uni-trier.de/rec/bib/conf/saint/GauthierDickeyG08},
  bibsource = {dblp computer science bibliography, http://dblp.org}
}

@inproceedings{Promise,
  author    = {Juan A. Garay and
                Markus Jakobsson and
                 Philip D. MacKenzie},
  editor    = {Michael J. Wiener},
  title     = {Abuse-Free Optimistic Contract Signing},
  booktitle = {Advances in Cryptology - {CRYPTO} '99, 19th Annual International Cryptology
                Conference, Santa Barbara, California, USA, August 15-19, 1999, Proceedings},
  series    = {Lecture Notes in Computer Science},
  volume    = {1666},
  pages     = {449--466},
  publisher = {Springer},
  year      = {1999},
  url       = {http://dx.doi.org/10.1007/3-540-48405-1_29},
  doi       = {10.1007/3-540-48405-1_29},
  timestamp = {Fri, 18 Sep 2009 12:20:27 +0200},
  biburl    = {http://dblp.uni-trier.de/rec/bib/conf/crypto/GarayJM99},
  bibsource = {dblp computer science bibliography, http://dblp.org}
}

@misc{nmap-legal,
  title = {{NMAP} Legal Issues},
  howpublished = {\url{https://nmap.org/book/legal-issues.html}},
  note = {Accessed: 2015-10-19}
}

@InProceedings{zmap13,
    author = {Zakir Durumeric and Eric Wustrow and J. Alex Halderman},
    title = {{ZMap}: {F}ast {I}nternet-Wide Scanning and its Security Applications},
    booktitle = {Proceedings of the 22nd {USENIX} Security Symposium},
    month = aug,
    year = 2013
}

@inproceedings{DBLP:conf/usenix/FordSK05,
  author    = {Bryan Ford and
               Pyda Srisuresh and
               Dan Kegel},
  title     = {Peer-to-Peer Communication Across Network Address Translators},
  booktitle = {Proceedings of the 2005 {USENIX} Annual Technical Conference, April
               10-15, 2005, Anaheim, CA, {USA}},
  pages     = {179--192},
  publisher = {{USENIX}},
  year      = {2005},
  url       = {http://www.usenix.org/events/usenix05/tech/general/ford.html},
  timestamp = {Tue, 06 Feb 2007 14:41:47 +0100},
  biburl    = {http://dblp.uni-trier.de/rec/bib/conf/usenix/FordSK05},
  bibsource = {dblp computer science bibliography, http://dblp.org}
}

@inproceedings{Min-compl_Sign-seq,
  author    = {Sjouke Mauw and
               Sasa Radomirovic and
               Mohammad Torabi Dashti},
  title     = {Minimal Message Complexity of Asynchronous Multi-party Contract Signing},
  booktitle = {Proceedings of the 22nd {IEEE} Computer Security Foundations Symposium,
               {CSF} 2009, Port Jefferson, New York, USA, July 8-10, 2009},
  pages     = {13--25},
  publisher = {{IEEE} Computer Society},
  year      = {2009},
  url       = {http://doi.ieeecomputersociety.org/10.1109/CSF.2009.15},
  doi       = {10.1109/CSF.2009.15},
  timestamp = {Fri, 11 Dec 2009 15:09:27 +0100},
  biburl    = {http://dblp.uni-trier.de/rec/bib/conf/csfw/MauwRD09},
  bibsource = {dblp computer science bibliography, http://dblp.org}
}

@article{Fair-n-inf-5,
  author    = {Aybek Mukhamedov and
               Mark Dermot Ryan},
  title     = {Fair multi-party contract signing using private contract signatures},
  journal   = {Inf. Comput.},
  volume    = {206},
  number    = {2-4},
  pages     = {272--290},
  year      = {2008},
  url       = {http://dx.doi.org/10.1016/j.ic.2007.07.007},
  doi       = {10.1016/j.ic.2007.07.007},
  timestamp = {Thu, 12 Jun 2008 14:57:24 +0200},
  biburl    = {http://dblp.uni-trier.de/rec/bib/journals/iandc/MukhamedovR08},
  bibsource = {dblp computer science bibliography, http://dblp.org}
}

@article{asokan,
  author    = {N. Asokan and
               Victor Shoup and
               Michael Waidner},
  title     = {Optimistic fair exchange of digital signatures},
  journal   = {{IEEE} Journal on Selected Areas in Communications},
  volume    = {18},
  number    = {4},
  pages     = {593--610},
  year      = {2000},
  url       = {http://dx.doi.org/10.1109/49.839935},
  doi       = {10.1109/49.839935},
  timestamp = {Fri, 17 Feb 2012 09:46:39 +0100},
  biburl    = {http://dblp.uni-trier.de/rec/bib/journals/jsac/AsokanSW00},
  bibsource = {dblp computer science bibliography, http://dblp.org}
}

@article{wang,
    author={Wang, C.-F. and Yu, H.-F. and Wang, H.-G. and Yi, W.},
    title={Multi-party and multi-contract contract signing protocol},
    journal={Tien Tzu Hsueh Pao/Acta Electronica Sinica},
    year={2007},
    volume={35},
    number={10},
    pages={1897-1902},
    note={cited By 0},
    url={http://www.scopus.com/inward/record.url?eid=2-s2.0-36348959520&partnerID=40&md5=f9feb9dff371d5e69c63382cd7510523},
    document_type={Article},
    source={Scopus},
}

@inproceedings{muka,
  author    = {Aybek Mukhamedov and
               Mark Ryan},
  editor    = {Sven Dietrich and
               Rachna Dhamija},
  title     = {Improved Multi-party Contract Signing},
  booktitle = {Financial Cryptography and Data Security, 11th International Conference,
               {FC} 2007, and 1st International Workshop on Usable Security, {USEC}
               2007, Scarborough, Trinidad and Tobago, February 12-16, 2007. Revised
               Selected Papers},
  series    = {Lecture Notes in Computer Science},
  volume    = {4886},
  pages     = {179--191},
  publisher = {Springer},
  year      = {2007},
  url       = {http://dx.doi.org/10.1007/978-3-540-77366-5_17},
  doi       = {10.1007/978-3-540-77366-5_17},
  timestamp = {Fri, 04 Jan 2008 09:31:49 +0100},
  biburl    = {http://dblp.uni-trier.de/rec/bib/conf/fc/MukhamedovR07},
  bibsource = {dblp computer science bibliography, http://dblp.org}
}

@article{wang-rsa,
    author={Wang, G.},
    title={An abuse-free fair contract-signing protocol based on the RSA signature},
    journal={IEEE Transactions on Information Forensics and Security},
    year={2010},
    volume={5},
    number={1},
    pages={158-168},
    doi={10.1109/TIFS.2009.2035972},
    art_number={5313861},
    note={cited By 24},
    url={http://www.scopus.com/inward/record.url?eid=2-s2.0-77249178261&partnerID=40&md5=c902f5809607ab327d3d1261b29c49b4},
    document_type={Article},
    source={Scopus},
}


@inproceedings{bounds,
  author    = {Juan A. Garay and
               Philip D. MacKenzie},
  editor    = {Prasad Jayanti},
  title     = {Abuse-Free Multi-party Contract Signing},
  booktitle = {Distributed Computing, 13th International Symposium, Bratislava, Slavak
               Republic, September 27-29, 1999, Proceedings},
  series    = {Lecture Notes in Computer Science},
  volume    = {1693},
  pages     = {151--165},
  publisher = {Springer},
  year      = {1999},
  url       = {http://dx.doi.org/10.1007/3-540-48169-9_11},
  doi       = {10.1007/3-540-48169-9_11},
  timestamp = {Mon, 20 Jun 2011 17:31:15 +0200},
  biburl    = {http://dblp.uni-trier.de/rec/bib/conf/wdag/GarayM99},
  bibsource = {dblp computer science bibliography, http://dblp.org}
}

@article{tcs,
author={Fischlin, M.},
journal={Trapdoor Commitment Schemes and Their Applications},
year={2001},
note={cited By 22},
}

@conference{ves,
author={Ateniese, Giuseppe},
title={Efficient verifiable encryption (and fair exchange) of digital signatures},
journal={Proceedings of the ACM Conference on Computer and Communications Security},
year={1999},
pages={138-146},
note={cited By 94},
url={http://www.scopus.com/inward/record.url?eid=2-s2.0-0033281266&partnerID=40&md5=69cd1dbcb8808bf4245f169b50684410},
document_type={Conference Paper},
source={Scopus},
}

@article{rsa-2,
    author={Chen, X. and Zhang, F. and Tian, H. and Wu, Q. and Mu, Y. and Kim, J. and Kim, K.},
    title={Three-round abuse-free optimistic contract signing with everlasting secrecy},
    journal={Lecture Notes in Computer Science (including subseries Lecture Notes in Artificial Intelligence and Lecture Notes in Bioinformatics)},
    year={2010},
    volume={6052 LNCS},
    pages={304-311},
    doi={10.1007/978-3-642-14577-3_23},
    note={cited By 0},
    url={http://www.scopus.com/inward/record.url?eid=2-s2.0-77955325308&partnerID=40&md5=b142f3809ff6c4c7c5b449c7071ab22b},
    document_type={Conference Paper},
    source={Scopus},
}

@CONFERENCE{gao,
    author={Gao, W. and Li, F. and Xu, B.},
    title={An abuse-free optimistic fair exchange protocol based on BLS signature},
    journal={Proceedings - 2008 International Conference on Computational Intelligence and Security, CIS 2008},
    year={2008},
    volume={2},
    pages={278-282},
    art_number={4724781},
    note={cited By 3},
    url={http://www.scopus.com/inward/record.url?eid=2-s2.0-60349116430&partnerID=40&md5=aeb83ec4f60e0a20cfbd421112ea652b},
    document_type={Conference Paper},
    source={Scopus},
}

@CONFERENCE{Li,
    author={Li, X. and Wang, Z. and Chen, L. and Wang, Q.},
    title={A multi-party contract signing protocol and its formal analysis in strand space model},
    journal={Proceedings of the 1st International Workshop on Education Technology and Computer Science, ETCS 2009},
    year={2009},
    volume={3},
    pages={556-559},
    doi={10.1109/ETCS.2009.656},
    art_number={4959375},
    note={cited By 0},
    url={http://www.scopus.com/inward/record.url?eid=2-s2.0-69749104974&partnerID=40&md5=fb36eb1334ed7e38ad55e2e2f06f4d2c},
    document_type={Conference Paper},
    source={Scopus},
}
@ARTICLE{Chen,
    author={Chen, X. and Zhang, F. and Tian, H. and Wu, Q. and Mu, Y. and Kim, J. and Kim, K.},
    title={Three-round abuse-free optimistic contract signing with everlasting secrecy},
    journal={Lecture Notes in Computer Science (including subseries Lecture Notes in Artificial Intelligence and Lecture Notes in Bioinformatics)},
    year={2010},
    volume={6052 LNCS},
    pages={304-311},
    doi={10.1007/978-3-642-14577-3_23},
    note={cited By 4},
    url={http://www.scopus.com/inward/record.url?eid=2-s2.0-77955325308&partnerID=40&md5=b142f3809ff6c4c7c5b449c7071ab22b},
    document_type={Conference Paper},
    source={Scopus},
}
@ARTICLE{bb,
    author={Heidarvand, S. and Villar, J.L.},
    title={A fair and abuse-free contract signing protocol from Boneh-Boyen signature},
    journal={Lecture Notes in Computer Science (including subseries Lecture Notes in Artificial Intelligence and Lecture Notes in Bioinformatics)},
    year={2011},
    volume={6711 LNCS},
    pages={125-140},
    doi={10.1007/978-3-642-22633-5_9},
    note={cited By 1},
    url={http://www.scopus.com/inward/record.url?eid=2-s2.0-80052800623&partnerID=40&md5=9110e04cd1a3b986d83d40650ff0f6d7},
    document_type={Conference Paper},
    source={Scopus},
}
@ARTICLE{As,
    author={Al-Saggaf, A.A. and Ghouti, L.},
    title={Efficient abuse-free fair contract-signing protocol based on an ordinary crisp commitment scheme},
    journal={IET Information Security},
    year={2015},
    volume={9},
    number={1},
    pages={50-58},
    doi={10.1049/iet-ifs.2012.0277},
    note={cited By 0},
    url={http://www.scopus.com/inward/record.url?eid=2-s2.0-84918496223&partnerID=40&md5=364007a8877709e46f716f7489e75665},
    document_type={Article},
    source={Scopus},
}
